<record><leader>00000cas a22000007a 4500</leader><controlfield tag="001">15248234</controlfield><controlfield tag="008">870227d18731897wiudn ne      0    0ger d</controlfield><datafield ind1=" " ind2=" " tag="010"><subfield code="a">sn 87052265 </subfield></datafield><datafield ind1=" " ind2=" " tag="040"><subfield code="a">NPX</subfield><subfield code="b">eng</subfield><subfield code="c">NPX</subfield><subfield code="d">NPV</subfield><subfield code="d">YOX</subfield><subfield code="d">MQN</subfield><subfield code="d">CRL</subfield><subfield code="d">NVF</subfield><subfield code="d">OCLCQ</subfield><subfield code="d">KRTAS</subfield><subfield code="d">OCLCQ</subfield><subfield code="d">OCLCF</subfield><subfield code="d">OCLCO</subfield></datafield><datafield ind1="1" ind2=" " tag="029"><subfield code="a">AU@</subfield><subfield code="b">000025825052</subfield></datafield><datafield ind1=" " ind2=" " tag="042"><subfield code="a">msc</subfield></datafield><datafield ind1=" " ind2=" " tag="043"><subfield code="a">n-us-wi</subfield></datafield><datafield ind1="0" ind2=" " tag="130"><subfield code="a">Germania (Milwaukee, Wis. : Daily)</subfield></datafield><datafield ind1="1" ind2="0" tag="245"><subfield code="a">Germania.</subfield></datafield><datafield ind1="3" ind2="0" tag="246"><subfield code="a">Ta&#776;gliche Germania</subfield></datafield><datafield ind1=" " ind2=" " tag="260"><subfield code="a">Milwaukee, Wis. :</subfield><subfield code="b">German Protestant Printing Assoc.,</subfield><subfield code="c">1873-</subfield></datafield><datafield ind1=" " ind2=" " tag="300"><subfield code="a">v.</subfield></datafield><datafield ind1=" " ind2=" " tag="310"><subfield code="a">Daily (except Sunday)</subfield></datafield><datafield ind1="0" ind2=" " tag="362"><subfield code="a">Jahrg. 1, Nr. 1 (8. Nov. 1873)-</subfield></datafield><datafield ind1="1" ind2=" " tag="362"><subfield code="a">Ceased in April 1897?</subfield></datafield><datafield ind1=" " ind2=" " tag="500"><subfield code="a">Called: Ta&#776;gliche Ausg., &lt;Sept. 19, 1874&gt;.</subfield></datafield><datafield ind1=" " ind2=" " tag="500"><subfield code="a">Publishers: Germania Pub. Co., &lt;Sept. 19, 1874&gt;.</subfield></datafield><datafield ind1=" " ind2=" " tag="546"><subfield code="a">In German.</subfield></datafield><datafield ind1=" " ind2=" " tag="580"><subfield code="a">Weekly ed.: Germania (Milwaukee, Wis. : Weekly), 1873-&lt;1892&gt;.</subfield></datafield><datafield ind1=" " ind2=" " tag="580"><subfield code="a">Has a separately published supplement called: Der Hausfreund.</subfield></datafield><datafield ind1=" " ind2="0" tag="650"><subfield code="a">Germans</subfield><subfield code="z">Wisconsin</subfield><subfield code="v">Newspapers.</subfield></datafield><datafield ind1=" " ind2="0" tag="651"><subfield code="a">Milwaukee (Wis.)</subfield><subfield code="v">Newspapers.</subfield></datafield><datafield ind1=" " ind2="7" tag="655"><subfield code="a">Newspapers.</subfield><subfield code="2">fast</subfield><subfield code="0">(OCoLC)fst01423814</subfield></datafield><datafield ind1=" " ind2="7" tag="650"><subfield code="a">Germans.</subfield><subfield code="2">fast</subfield><subfield code="0">(OCoLC)fst00942100</subfield></datafield><datafield ind1=" " ind2="7" tag="651"><subfield code="a">Wisconsin.</subfield><subfield code="2">fast</subfield><subfield code="0">(OCoLC)fst01204595</subfield></datafield><datafield ind1=" " ind2="7" tag="651"><subfield code="a">Wisconsin</subfield><subfield code="z">Milwaukee.</subfield><subfield code="2">fast</subfield><subfield code="0">(OCoLC)fst01206626</subfield></datafield><datafield ind1=" " ind2=" " tag="752"><subfield code="a">United States</subfield><subfield code="b">Wisconsin</subfield><subfield code="c">Milwaukee</subfield><subfield code="d">Milwaukee.</subfield></datafield><datafield ind1=" " ind2=" " tag="752"><subfield code="a">United States</subfield><subfield code="b">Wisconsin</subfield><subfield code="c">Washington</subfield><subfield code="d">Milwaukee.</subfield></datafield><datafield ind1="1" ind2=" " tag="770"><subfield code="t">Hausfreund</subfield><subfield code="w">(OCoLC)8979830</subfield></datafield><datafield ind1="1" ind2=" " tag="775"><subfield code="t">Germania (Milwaukee, Wis. : Weekly)</subfield><subfield code="w">(DLC)sn 86086262</subfield></datafield><datafield ind1="0" ind2="7" tag="785"><subfield code="t">Abend Post</subfield><subfield code="w">(DLC)sn 87082479</subfield><subfield code="w">(OCoLC)15682049</subfield></datafield><datafield ind1="0" ind2="7" tag="785"><subfield code="t">Germania und Abend-Post</subfield><subfield code="w">(DLC)sn 87082471</subfield><subfield code="w">(OCoLC)15672719</subfield></datafield><datafield ind1=" " ind2=" " tag="938"><subfield code="a">Kirtas Technologies, Inc.</subfield><subfield code="b">KRTS</subfield><subfield code="n">740058</subfield></datafield></record>